@book{B,
author = {Barmak, Jonathan A.},
title = {Algebraic topology of finite topological spaces and applications},
publisher = {Springer},
address = {Heidelberg ; Berlin u.a.},
  year = 2011
}


@book{H,
      author        = "Hatcher, Allen",
      title         = "{Algebraic topology}",
      publisher     = "Cambridge Univ. Press",
      address       = "Cambridge",
      year          = "2000",
}